<?xml version="1.0" encoding="UTF-8"?><collection xmlns="http://www.loc.gov/MARC21/slim"><record><leader>00575nam--2200205-u-4500</leader><controlfield tag="001">000053526</controlfield><controlfield tag="002">20161230</controlfield><controlfield tag="005">20161230201051</controlfield><controlfield tag="008">110411s1000------------r-----000-0-eng-d</controlfield><datafield ind1=" " ind2=" " tag="020"><subfield code="a">0306428636</subfield></datafield><datafield ind1=" " ind2=" " tag="040"><subfield code="a">IFIN-HH</subfield></datafield><datafield ind1=" " ind2=" " tag="080"><subfield code="a">578.6</subfield></datafield><datafield ind1="1" ind2=" " tag="100"><subfield code="a">Crang, Richard F.E</subfield></datafield><datafield ind1="1" ind2="0" tag="245"><subfield code="a">Artifacts in biological electron microscopy</subfield><subfield code="c">Richard f.e. crang; karen l. klomparens (eds.)</subfield></datafield><datafield ind1=" " ind2=" " tag="260"><subfield code="a">New York</subfield><subfield code="b">Plenum Press</subfield><subfield code="c">1988</subfield></datafield><datafield ind1=" " ind2=" " tag="300"><subfield code="a">233P</subfield></datafield><datafield ind1=" " ind2="4" tag="650"><subfield code="a">Fixation (Histology)</subfield></datafield><datafield ind1="1" ind2=" " tag="700"><subfield code="a">Klomparens, Karen L</subfield><subfield code="e">Ed</subfield></datafield><datafield ind1=" " ind2=" " tag="852"><subfield code="a">81115</subfield><subfield code="c">577.3</subfield></datafield><datafield ind1=" " ind2=" " tag="CAT"><subfield code="a">Sys</subfield><subfield code="c">20110411</subfield><subfield code="h">145955</subfield></datafield></record></collection>